<?xml version="1.0" encoding="UTF-8"?><record xmlns="http://www.loc.gov/MARC21/slim" xmlns:cinclude="http://apache.org/cocoon/include/1.0" xmlns:zs="http://www.loc.gov/zing/srw/">
  <leader>00460nz  a2200145n  4500</leader>
  <controlfield tag="001">no2009113430</controlfield>
  <controlfield tag="003">DLC</controlfield>
  <controlfield tag="005">20090725075355.0</controlfield>
  <controlfield tag="008">090723n| acannaabn          |n ana     c</controlfield>
  <datafield tag="010" ind1=" " ind2=" ">
    <subfield code="a">no2009113430</subfield>
  </datafield>
  <datafield tag="035" ind1=" " ind2=" ">
    <subfield code="a">(OCoLC)oca08181429</subfield>
  </datafield>
  <datafield tag="040" ind1=" " ind2=" ">
    <subfield code="a">IOrQBI</subfield>
    <subfield code="b">eng</subfield>
    <subfield code="c">IOrQBI</subfield>
  </datafield>
  <datafield tag="110" ind1="2" ind2=" ">
    <subfield code="a">Creative Partners (Firm)</subfield>
  </datafield>
  <datafield tag="670" ind1=" " ind2=" ">
    <subfield code="a">24-hour baby quilts, c2009:</subfield>
    <subfield code="b">t.p. (produced by the Creative Partners, LLC)</subfield>
  </datafield>
  <datafield tag="670" ind1=" " ind2=" ">
    <subfield code="a">OCLC Worldcat, July 17, 2009</subfield>
    <subfield code="b">(hdg.: Creative Partners (Firm))</subfield>
  </datafield>
</record>